
@misc{SCIENCING,
	author={{Harris, Amy}},
	title={{Marine Ecossystem Classification}},
	month={aug},
	year={2018},
	note = "[Online; acedido em Novembro 2023]"
}

@misc{TODAMATÉRIA,
	author={{Toda matéria}},
	title={{Mangue}},
	month={nov},
	year={2023},
	note = "[Online; acedido em Novembro 2023]"
}

@misc{OKEANIS,
	author={{Okeanis}},
	title={{What are the 5 Marine Ecossystems?}},
	month={dec},
	year={2018},
	note = "[Online; acedido em Novembro 2023]"
}

@misc{DEPARTAMENTODEECOLOGIA,
	author={{Souza, Luís}},
	title={{Praias Arenosas}},
	note = "[Online; acedido em Novembro 2023]"
}

@misc{BIÓICOS,
	author={{Martins, Lucas and Rocha, Yuri and Silveira, Raphaela and Peiró, Douglas}},
	title={{Zonas do mar profundo}},
	month={oct},
	year={2021},
	note = "[Online; acedido em Novembro 2023]"
}

@misc{DEEPSEAFISHWIKI,
	author={{Deep sea fish wiki}},
	title={{Lanterfish}},
	month={oct},
	year={2020},
	note = "[Online; acedido em Novembro 2023]"
}

@misc{THEDALLASWORLDAQUARIUM,
	author={{The Dallas world aquarium}},
	title={{Tasseled Anglerfish}},
	note = "[Online; acedido em Novembro 2023]"
}

@misc{OCEANTWILIGHTZONE,
	author={{Ocean twilight zone}},
	title={{Creature Feature: Bristlemouth}},
	note = "[Online; acedido em Novembro 2023]"
}

@misc{NATURALWORLDFACTS,
	author={{Natural world facts}},
	title={{Deep Sea Gigantism Explained}},
	note = "[Online; acedido em Novembro 2023]"
}

@misc{AQUARIUMOFTHEPACIFIC,
	author={{Aquarium of the Pacific}},
	title={{Dumbo Octopus}},
	note = "[Online; acedido em Novembro 2023]"
}

@misc{OREGONSTATEUNVERSITY,
	author={{Oregon state university}},
	title={{Telescopefish}},
	note = "[Online; acedido em Novembro 2023]"
}

@misc{NATURALWORLDFACTS,
	author={{Natural world facts}},
	title={{Scroll the Deep Sea | Deep Sea Zones}},
	note = "[Online; acedido em Novembro 2023]"
}

@misc{THECONVERSATION,
	author={{Gerringer, Mackenzie}},
	title={{The deepest-dwelling fish in the sea is small, pink and delicate}},
	month={feb},
	year={2018},
	note = "[Online; acedido em Novembro 2023]"
}

@misc{NATIONALGEOGRAPHIC,
	author={{National geographic}},
	title={{Ocean Threats}},
	note = "[Online; acedido em Novembro 2023]"
}

@misc{NATIONALOCEANSERVICE,
	author={{National ocean service}},
	title={{What is coral bleaching?}},
	month={apr},
	year={2023},
	note = "[Online; acedido em Novembro 2023]"
}

@misc{WIKPEDIA-PMAR,
	author={{Wikipedia}},
	title={{Poluição marinha}},
	month={aug},
	year={2023},
	note = "[Online; acedido em Novembro 2023]"
}

@misc{EARTH.ORG,
	author={{Wong,Chloe}},
	title={{How Do Oil Spills Affetc the Environment}},
	month={mar},
	year={14},
	note = "[Online; acedido em Novembro 2023]"
}

@misc{THEWEEK,
	author={{Garcia, Catherine}},
	title={{Coast Guards orders Taylor Energy to stop 14-year oil spill in Gulf of Mexico}},
	month={nov},
	year={2018},
	note = "[Online; acedido em Novembro 2023]"
}

@misc{WIKIPEDIA-SALMO,
	author={{Wikipedia}},
	title={{Salmo salar}},
	month={may},
	year={2023},
	note = "[Online; acedido em Novembro 2023]"
}

@misc{MYAQUARIUM,
	author={{Golob, Adriano}},
	title={{Peixe-palhaço (Amphiprion ocellaris) - Guia de Cuidados}},
	month={mar},
	year={2022},
	note = "[Online; acedido em Novembro 2023]"
}

@misc{SUPERINTERESSANTE,
	author={{D'Angelo, Helô}},
	title={{Austrália vai infectar carpas invasoras com herpes}},
	month={oct},
	year={2016},
	note = "[Online; acedido em Novembro 2023]"
}

@misc{BIODIVERSITY4ALL-BACALHAU,
	author={{BioDiversity4All}},
	title={{Bacalhau (Gadus morhua)}},
	note = "[Online; acedido em Novembro 2023]"
}

@misc{SEAWATER.NO,
	author={{Seawater.no}},
	title={{Haddock - Melanogrammus aeglefinus}},
	note = "[Online; acedido em Novembro 2023]"
}

@misc{RECREIO,
	author={{Recreio}},
	title={{Cavalo-marinho: confira curiosidades e como cuidar desse animal}},
	month={apr},
	year={2023},
	note = "[Online; acedido em Novembro 2023]"
}

@misc{FAUNANEWS,
	author={{Guedes, Marcia}},
	title={{É elétrico, mas não é raio... É raia!}},
	month={july},
	year={2021},
	note = "[Online; acedido em Novembro 2023]"
}

@misc{MARSEMFIM,
	author={{Mesquita, João}},
	title={{Idenificada a maior população de raias-manta}},
	month={apr},
	year={2023},
	note = "[Online; acedido em Novembro 2023]"
}

@misc{GIZMODO,
	author={{Possa, Julia}},
	title={{Por que o tubarão-branco morre em poucos dias no aquário?}},
	month={dec},
	year={2022},
	note = "[Online; acedido em Novembro 2023]"
}

@misc{VEGAZETA,
	author={{Arioch, David}},
	title={{Tubarão mais rápido do mundo está ameaçado de extinção}},
	month={apr},
	year={2019},
	note = "[Online; acedido em Novembro 2023]"
}

@misc{INFOESCOLA-TUBALEIA,
	author={{Souza, Joice}},
	title={{Tubarão-baleia}},
	note = "[Online; acedido em Novembro 2023]"
}

@misc{WWF,
	author={{WWF}},
	title={{Blue Whale}},
	note = "[Online; acedido em Novembro 2023]"
}

@misc{WIKIPEDIA-BALEIACIN,
	author={{Wikipedia}},
	title={{Baleia-cinzenta}},
	note = "[Online; acedido em Novembro 2023]"
}

@misc{UMSOPLANETA,
	author={{Schmidt, Sarah}},
	title={{Baleias-jubarte do Brasil agora são vistas na península Antártica}},
	month={may},
	year={2022},
	note = "[Online; acedido em Novembro 2023]"
}

@misc{BIODIVERSITY4ALL-GOLFCOM,
	author={{BioDiversity4All}},
	title={{Fotos de Golfinho-Comum}},
	note = "[Online; acedido em Novembro 2023]"
}

@misc{PENSAMENTOVERDE,
	author={{Redação Pensamento Verde}},
	title={{Boto-cor-de-rosa utilizado como isca na Amazônia sofre ameaça de extinção}},
	month={feb},
	year={2014},
	note = "[Online; acedido em Novembro 2023]"
}

@misc{INFOESCOLA-FOCA,
	author={{Vieira, Carla}},
	title={{Foca}},
	note = "[Online; acedido em Novembro 2023]"
}

@misc{INFOESCOLA-LEAO,
	author={{Ribeiro, Paulo}},
	title={{Leão-marinho}},
	note = "[Online; acedido em Novembro 2023]"
}

@misc{SEGREDOSDOMUNDO,
	author={{Martins, Danyla}},
	title={{Morsa, o que é? Características, reprodução e habilidades}},
	month={june},
	year={2020},
	note = "[Online; acedido em Novembro 2023]"
}

@misc{BIODIVERSITY4ALL-POLVO,
	author={{BioDiversity4All}},
	title={{Polvo (Octopus vulgaris}},
	note = "[Online; acedido em Novembro 2023]"
}

@misc{SEGREDOSDOMUNDO,
	author={{Nascimento, Toni}},
	title={{Lulas - 13 curiosidades que você precisa descobrir sobre estes moluscos}},
	month={sep},
	year={2019},
	note = "[Online; acedido em Novembro 2023]"
}

@misc{OCEANARIODELISBOA,
	author={{Oceanário de Lisboa}},
	title={{Choco-comum}},
	note = "[Online; acedido em Novembro 2023]"
}

@misc{SULINFORMAÇÃO,
	author={{Costa, Nuno}},
	title={{Há microplásticos nos mexilhões do Algarve}},
	month={oct},
	year={2018},
	note = "[Online; acedido em Novembro 2023]"
}

@misc{DREAMSTIME,
	author={{Llaguno, Sergio}},
	title={{Ostra gigante no grande recife de coral}},
	note = "[Online; acedido em Novembro 2023]"
}

@misc{WIKIPEDIA-LESMA,
	author={{Wikipedia}},
	title={{Lesma marinha}},
	note = "[Online; acedido em Novembro 2023]"
}

@misc{GLOBO.COM,
	author={{Tera Da Gente}},
	title={{Caranguejo-amarelo é um crustáceo terrestre que desova no mar}},
	month={jan},
	year={2017},
	note = "[Online; acedido em Novembro 2023]"
}

@misc{ESPÉCIESMARINAS,
	author={{Cantini, Maisa}},
	title={{Lagosta}},
	month={oct},
	year={2008},
	note = "[Online; acedido em Novembro 2023]"
}

@misc{WIKIPEDIA-ESTRELA,
	author={{Wikipedia}},
	title={{Estrela-do-mar}},
	note = "[Online; acedido em Novembro 2023]"
}

@misc{MANUALMSD,
	author={{Barish, Robert and Arnold, Thomas}},
	title={{Picada de ouriço-do-mar}},
	month={jan},
	year={2022},
	note = "[Online; acedido em Novembro 2023]"
}

@misc{LINKEDIN,
	author={{Barufaldi, Mauricio}},
	title={{Algas marinhas comestíveis; o sabor do mar na sua cozinha}},
	month={feb},
	year={2018},
	note = "[Online; acedido em Novembro 2023]"
}

@misc{AVOZDOALGARVE,
	author={{CCMAR}},
	title={{Investigadores estudam o desaparecimento de populações de algas castanhas no sul de Portugal}},
	month={jan},
	year={2015},
	note = "[Online; acedido em Novembro 2023]"
}

@misc{INFOESCOLA-ALGAVERM,
	author={{Gonçalves, Fabiana}},
	title={{Algas vermelhas}},
	note = "[Online; acedido em Novembro 2023]"
}

